@article{au2012mesh,
  title={Mesh segmentation with concavity-aware fields},
  author={Au, Oscar Kin-Chung and Zheng, Youyi and Chen, Menglin and Xu, Pengfei and Tai, Chiew-Lan},
  journal={Visualization and Computer Graphics, IEEE Transactions on},
  volume={18},
  number={7},
  pages={1125--1134},
  year={2012},
  publisher={IEEE}
}

@inproceedings{Umetani:2013:CSA,
 author = {Umetani, Nobuyuki and Schmidt, Ryan},
 title = {Cross-sectional Structural Analysis for 3D Printing Optimization},
 booktitle = {SIGGRAPH Asia 2013 Technical Briefs},
 series = {SA '13},
 year = {2013},
 isbn = {978-1-4503-2629-2},
 location = {Hong Kong, Hong Kong},
 pages = {5:1--5:4},
 articleno = {5},
 numpages = {4}
}

@article{Garcia:2008:IIG,
    author = {Garc\'{\i}a, Ismael and Patow, Gustavo},
    title = {IGT: inverse geometric textures},
    journal = {ACM Trans. Graph.},     volume = {27},
    issue = {5},
    month = {December},
    year = {2008},
    issn = {0730-0301},
    pages = {137:1--137:9},
    articleno = {137},
    numpages = {9}
}

@article{hoffman1984parts,
  title={Parts of recognition},
  author={Hoffman, Donald D and Richards, Whitman A},
  journal={Cognition},
  volume={18},
  number={1},
  pages={65--96},
  year={1984},
  publisher={Elsevier}
}

@article{hoffman1997salience,
  title={Salience of visual parts},
  author={Hoffman, Donald D and Singh, Manish},
  journal={Cognition},
  volume={63},
  number={1},
  pages={29--78},
  year={1997},
  publisher={Elsevier}
}

@inproceedings{zhou2004iso,
  title={Iso-charts: stretch-driven mesh parameterization using spectral analysis},
  author={Zhou, Kun and Synder, John and Guo, Baining and Shum, Heung-Yeung},
  booktitle={Proceedings of the 2004 Eurographics/ACM SIGGRAPH symposium on Geometry processing},
  pages={45--54},
  year={2004},
  organization={ACM}
}

@inproceedings{reniers2007skeleton,
  title={Skeleton-based hierarchical shape segmentation},
  author={Reniers, Dennie and Telea, Alexandru},
  booktitle={Shape Modeling and Applications, 2007. SMI'07. IEEE International Conference on},
  pages={179--188},
  year={2007},
  organization={IEEE}
}

@inproceedings{lien2006simultaneous,
  title={Simultaneous shape decomposition and skeletonization},
  author={Lien, Jyh-Ming and Keyser, John and Amato, Nancy M},
  booktitle={Proceedings of the 2006 ACM symposium on Solid and physical modeling},
  pages={219--228},
  year={2006},
  organization={ACM}
}

@article{Shamir08,
  author    = {Ariel Shamir},
  title     = {A survey on Mesh Segmentation Techniques},
  journal   = {Comput. Graph. Forum},
  volume    = {27},
  number    = {6},
  pages     = {1539--1556},
  year      = {2008}
}

@article{KatzT03,
  author    = {Sagi Katz and
               Ayellet Tal},
  title     = {Hierarchical mesh decomposition using fuzzy clustering and cuts},
  journal   = {{ACM} Trans. Graph.},
  volume    = {22},
  number    = {3},
  pages     = {954--961},
  year      = {2003}
}

@article{KatzLT05,
  author    = {Sagi Katz and
               George Leifman and
               Ayellet Tal},
  title     = {Mesh segmentation using feature point and core extraction},
  journal   = {The Visual Computer},
  volume    = {21},
  number    = {8-10},
  pages     = {649--658},
  year      = {2005}
}

@article{JiLCW06,
  author    = {Zhongping Ji and
               Ligang Liu and
               Zhonggui Chen and
               Guojin Wang},
  title     = {Easy Mesh Cutting},
  journal   = {Comput. Graph. Forum},
  volume    = {25},
  number    = {3},
  pages     = {283--291},
  year      = {2006}
}

@article{LiuZ07,
  author    = {Rong Liu and
               Hao Zhang},
  title     = {Mesh Segmentation via Spectral Embedding and Contour Analysis},
  journal   = {Comput. Graph. Forum},
  volume    = {26},
  number    = {3},
  pages     = {385--394},
  year      = {2007}
}

@article{ChenGF09,
  author    = {Xiaobai Chen and
               Aleksey Golovinskiy and
               Thomas A. Funkhouser},
  title     = {A benchmark for 3D mesh segmentation},
  journal   = {{ACM} Trans. Graph.},
  volume    = {28},
  number    = {3},
  year      = {2009}
}

@article{Golovinskiy:2008,
  author = "Aleksey Golovinskiy and Thomas Funkhouser",
  title = "Randomized Cuts for {3D} Mesh Analysis",
  journal = "ACM Transactions on Graphics (Proc. SIGGRAPH ASIA)",
  year = "2008",
  month = dec,
  volume = "27",
  number = "5"
}

@article{KaickFKAC14,
  author    = {Oliver van Kaick and
               Noa Fish and
               Yanir Kleiman and
               Shmuel Asafi and
               Daniel Cohen{-}Or},
  title     = {Shape Segmentation by Approximate Convexity Analysis},
  journal   = {{ACM} Trans. Graph.},
  volume    = {34},
  number    = {1},
  pages     = {4:1--4:11},
  year      = {2014}
}

@article{Zhou:2015:GCD,
 author = {Zhou, Yang and Yin, Kangxue and Huang, Hui and Zhang, Hao and Gong, Minglun and Cohen-Or, Daniel},
 title = {Generalized Cylinder Decomposition},
 journal = {ACM Trans. Graph.},
 issue_date = {November 2015},
 volume = {34},
 number = {6},
 month = oct,
 year = {2015},
 pages = {171:1--171:14},
}

@article {Hu_siga14,
	title = {Approximate Pyramidal Shape Decomposition},
	author = {Ruizhen Hu and Honghua Li and Hao Zhang and Daniel Cohen-Or}
	journal = {ACM Transactions on Graphics, (Proc. of SIGGRAPH Asia 2014)},
	volume = {33},
	number = {6},
	pages = {213:1--213:12},
	year = {2014}
}

@article{Zhang:2015,
 author = {Zhang, Xiaoting and Le, Xinyi and Panotopoulou, Athina and Whiting, Emily and Wang, Charlie C. L.},
 title = {Perceptual Models of Preference in 3D Printing Direction},
 journal = {ACM Trans. Graph.},
 volume = {34},
 number = {6},
 year = {2015},
 pages = {215:1--215:12},
 numpages = {12}
}

@article{Fukunaga:2007,
 author = {Fukunaga, Alex S. and Korf, Richard E.},
 title = {Bin Completion Algorithms for Multicontainer Packing, Knapsack, and Covering Problems},
 journal = {J. Artif. Int. Res.},
 issue_date = {January 2007},
 volume = {28},
 number = {1},
 month = mar,
 year = {2007},
 issn = {1076-9757},
 pages = {393--429},
 numpages = {37},
 url = {http://dl.acm.org/citation.cfm?id=1622591.1622602},
 acmid = {1622602},
 publisher = {AI Access Foundation},
 address = {USA},
}

@article{padhye2011multi,
  title={Multi-objective optimisation and multi-criteria decision making in SLS using evolutionary approaches},
  author={Padhye, Nikhil and Deb, Kalyanmoy},
  journal={Rapid Prototyping Journal},
  volume={17},
  number={6},
  pages={458--478},
  year={2011},
  publisher={Emerald Group Publishing Limited}
}

@article{Kin-ChungAu:2012,
 author = {Kin-Chung Au, Oscar and Zheng, Youyi and Chen, Menglin and Xu, Pengfei and Tai, Chiew-Lan},
 title = {Mesh Segmentation with Concavity-Aware Fields},
 journal = {IEEE Transactions on Visualization and Computer Graphics},
 issue_date = {July 2012},
 volume = {18},
 number = {7},
 month = jul,
 year = {2012},
 issn = {1077-2626},
 pages = {1125--1134},
 numpages = {10}
}

@article{Chen:2015,
 author = {Chen, Xuelin and Zhang, Hao and Lin, Jinjie and Hu, Ruizhen and Lu, Lin and Huang, Qixing and Benes, Bedrich and Cohen-Or, Daniel and Chen, Baoquan},
 title = {Dapper: Decompose-and-pack for 3D Printing},
 journal = {ACM Trans. Graph.},
 issue_date = {November 2015},
 volume = {34},
 number = {6},
 month = oct,
 year = {2015},
 issn = {0730-0301},
 pages = {213:1--213:12},
 articleno = {213},
 numpages = {12},
 url = {http://doi.acm.org/10.1145/2816795.2818087},
 doi = {10.1145/2816795.2818087},
 acmid = {2818087},
 publisher = {ACM},
 address = {New York, NY, USA},
 keywords = {3D printing, decompose-and-pack, pyramidal shape},
}

@article{VanekGBMCSM14,
  author    = {Juraj Vanek and
               J. A. Garcia Galicia and
               Bedrich Benes and
               Radom{\'{\i}}r Mech and
               Nathan A. Carr and
               Ondrej Stava and
               Gavin S. P. Miller},
  title     = {PackMerger: {A} 3D Print Volume Optimizer},
  journal   = {Comput. Graph. Forum},
  volume    = {33},
  number    = {6},
  pages     = {322--332},
  year      = {2014},
  url       = {http://dx.doi.org/10.1111/cgf.12353},
  doi       = {10.1111/cgf.12353},
  timestamp = {Sat, 04 Oct 2014 19:43:58 +0200},
  biburl    = {http://dblp.uni-trier.de/rec/bib/journals/cgf/VanekGBMCSM14},
  bibsource = {dblp computer science bibliography, http://dblp.org}
}

@article{VanekGB14,
  author    = {Juraj Vanek and
               Jorge A. G. Galicia and
               Bedrich Benes},
  title     = {Clever Support: Efficient Support Structure Generation for Digital
               Fabrication},
  journal   = {Comput. Graph. Forum},
  volume    = {33},
  number    = {5},
  pages     = {117--125},
  year      = {2014},
  url       = {http://dx.doi.org/10.1111/cgf.12437},
  doi       = {10.1111/cgf.12437},
  timestamp = {Thu, 04 Sep 2014 13:24:16 +0200},
  biburl    = {http://dblp.uni-trier.de/rec/bib/journals/cgf/VanekGB14},
  bibsource = {dblp computer science bibliography, http://dblp.org}
}

@article{DumasHL14,
  author    = {J{\'{e}}r{\'{e}}mie Dumas and
               Jean Hergel and
               Sylvain Lefebvre},
  title     = {Bridging the gap: automated steady scaffoldings for 3D printing},
  journal   = {{ACM} Trans. Graph.},
  volume    = {33},
  number    = {4},
  pages     = {98:1--98:10},
  year      = {2014},
  url       = {http://doi.acm.org/10.1145/2601097.2601153},
  doi       = {10.1145/2601097.2601153},
  timestamp = {Wed, 29 Apr 2015 17:56:50 +0200},
  biburl    = {http://dblp.uni-trier.de/rec/bib/journals/tog/DumasHL14},
  bibsource = {dblp computer science bibliography, http://dblp.org}
}

@article{StavaVBCM12,
  author    = {Ondrej Stava and
               Juraj Vanek and
               Bedrich Benes and
               Nathan A. Carr and
               Radom{\'{\i}}r Mech},
  title     = {Stress relief: improving structural strength of 3D printable objects},
  journal   = {{ACM} Trans. Graph.},
  volume    = {31},
  number    = {4},
  pages     = {48:1--48:11},
  year      = {2012},
  url       = {http://doi.acm.org/10.1145/2185520.2185544},
  doi       = {10.1145/2185520.2185544},
  timestamp = {Wed, 29 Apr 2015 17:56:49 +0200},
  biburl    = {http://dblp.uni-trier.de/rec/bib/journals/tog/StavaVBCM12},
  bibsource = {dblp computer science bibliography, http://dblp.org}
}

@article{PrevostWLS13,
  author    = {Romain Pr{\'{e}}vost and
               Emily Whiting and
               Sylvain Lefebvre and
               Olga Sorkine{-}Hornung},
  title     = {Make it stand: balancing shapes for 3D fabrication},
  journal   = {{ACM} Trans. Graph.},
  volume    = {32},
  number    = {4},
  pages     = {81:1--81:10},
  year      = {2013},
  url       = {http://doi.acm.org/10.1145/2461912.2461957},
  doi       = {10.1145/2461912.2461957},
  timestamp = {Wed, 29 Apr 2015 17:56:52 +0200},
  biburl    = {http://dblp.uni-trier.de/rec/bib/journals/tog/PrevostWLS13},
  bibsource = {dblp computer science bibliography, http://dblp.org}
}

@article{CaliCAKSKW12,
  author    = {Jacques Cal{\`{\i}} and
               Dan A. Calian and
               Cristina Amati and
               Rebecca Kleinberger and
               Anthony Steed and
               Jan Kautz and
               Tim Weyrich},
  title     = {3D-printing of non-assembly, articulated models},
  journal   = {{ACM} Trans. Graph.},
  volume    = {31},
  number    = {6},
  pages     = {130},
  year      = {2012},
  url       = {http://doi.acm.org/10.1145/2366145.2366149},
  doi       = {10.1145/2366145.2366149},
  timestamp = {Wed, 05 Dec 2012 19:40:20 +0100},
  biburl    = {http://dblp.uni-trier.de/rec/bib/journals/tog/CaliCAKSKW12},
  bibsource = {dblp computer science bibliography, http://dblp.org}
}

@article{Bacher14,
  author    = {Moritz B{\"{a}}cher and
               Emily Whiting and
               Bernd Bickel and
               Olga Sorkine{-}Hornung},
  title     = {Spin-it: optimizing moment of inertia for spinnable objects},
  journal   = {{ACM} Trans. Graph.},
  volume    = {33},
  number    = {4},
  pages     = {96:1--96:10},
  year      = {2014},
  url       = {http://doi.acm.org/10.1145/2601097.2601157},
  doi       = {10.1145/2601097.2601157},
  timestamp = {Wed, 29 Apr 2015 17:56:46 +0200},
  biburl    = {http://dblp.uni-trier.de/rec/bib/journals/tog/Sorkine-Hornung14},
  bibsource = {dblp computer science bibliography, http://dblp.org}
}

@article{BacherBJP12,
  author    = {Moritz B{\"{a}}cher and
               Bernd Bickel and
               Doug L. James and
               Hanspeter Pfister},
  title     = {Fabricating articulated characters from skinned meshes},
  journal   = {{ACM} Trans. Graph.},
  volume    = {31},
  number    = {4},
  pages     = {47:1--47:9},
  year      = {2012},
  url       = {http://doi.acm.org/10.1145/2185520.2185543},
  doi       = {10.1145/2185520.2185543},
  timestamp = {Wed, 29 Apr 2015 17:56:47 +0200},
  biburl    = {http://dblp.uni-trier.de/rec/bib/journals/tog/BacherBJP12},
  bibsource = {dblp computer science bibliography, http://dblp.org}
}
@article{CeylanLMAP13,
  author    = {Duygu Ceylan and
               Wilmot Li and
               Niloy J. Mitra and
               Maneesh Agrawala and
               Mark Pauly},
  title     = {Designing and fabricating mechanical automata from mocap sequences},
  journal   = {{ACM} Trans. Graph.},
  volume    = {32},
  number    = {6},
  pages     = {186:1--186:11},
  year      = {2013},
  url       = {http://doi.acm.org/10.1145/2508363.2508400},
  doi       = {10.1145/2508363.2508400},
  timestamp = {Tue, 21 Apr 2015 17:24:47 +0200},
  biburl    = {http://dblp.uni-trier.de/rec/bib/journals/tog/CeylanLMAP13},
  bibsource = {dblp computer science bibliography, http://dblp.org}
}

@article{CorosTNSFSMB13,
  author    = {Stelian Coros and
               Bernhard Thomaszewski and
               Gioacchino Noris and
               Shinjiro Sueda and
               Moira Forberg and
               Robert W. Sumner and
               Wojciech Matusik and
               Bernd Bickel},
  title     = {Computational design of mechanical characters},
  journal   = {{ACM} Trans. Graph.},
  volume    = {32},
  number    = {4},
  pages     = {83:1--83:12},
  year      = {2013},
  url       = {http://doi.acm.org/10.1145/2461912.2461953},
  doi       = {10.1145/2461912.2461953},
  timestamp = {Wed, 29 Apr 2015 17:56:51 +0200},
  biburl    = {http://dblp.uni-trier.de/rec/bib/journals/tog/CorosTNSFSMB13},
  bibsource = {dblp computer science bibliography, http://dblp.org}
}

@article{SkourasTCBG13,
  author    = {M{\'{e}}lina Skouras and
               Bernhard Thomaszewski and
               Stelian Coros and
               Bernd Bickel and
               Markus H. Gross},
  title     = {Computational design of actuated deformable characters},
  journal   = {{ACM} Trans. Graph.},
  volume    = {32},
  number    = {4},
  pages     = {82:1--82:10},
  year      = {2013},
  url       = {http://doi.acm.org/10.1145/2461912.2461979},
  doi       = {10.1145/2461912.2461979},
  timestamp = {Wed, 29 Apr 2015 17:56:46 +0200},
  biburl    = {http://dblp.uni-trier.de/rec/bib/journals/tog/SkourasTCBG13},
  bibsource = {dblp computer science bibliography, http://dblp.org}
}

@article{AuTCCL08,
  author    = {Oscar Kin{-}Chung Au and
               Chiew{-}Lan Tai and
               Hung{-}Kuo Chu and
               Daniel Cohen{-}Or and
               Tong{-}Yee Lee},
  title     = {Skeleton extraction by mesh contraction},
  journal   = {{ACM} Trans. Graph.},
  volume    = {27},
  number    = {3},
  year      = {2008},
  url       = {http://doi.acm.org/10.1145/1360612.1360643},
  doi       = {10.1145/1360612.1360643},
  timestamp = {Tue, 05 Aug 2008 07:44:35 +0200},
  biburl    = {http://dblp.uni-trier.de/rec/bib/journals/tog/AuTCCL08},
  bibsource = {dblp computer science bibliography, http://dblp.org}
}

@article{WangWYLTTDCL13,
  author    = {Weiming Wang and
               Tuanfeng Y. Wang and
               Zhouwang Yang and
               Ligang Liu and
               Xin Tong and
               Weihua Tong and
               Jiansong Deng and
               Falai Chen and
               Xiuping Liu},
  title     = {Cost-effective printing of 3D objects with skin-frame structures},
  journal   = {{ACM} Trans. Graph.},
  volume    = {32},
  number    = {6},
  pages     = {177:1--177:10},
  year      = {2013},
  url       = {http://doi.acm.org/10.1145/2508363.2508382},
  doi       = {10.1145/2508363.2508382},
  timestamp = {Tue, 21 Apr 2015 17:24:47 +0200},
  biburl    = {http://dblp.uni-trier.de/rec/bib/journals/tog/WangWYLTTDCL13},
  bibsource = {dblp computer science bibliography, http://dblp.org}
}

@article{LuSZWFCSTCC14,
  author    = {Lin Lu and
               Andrei Sharf and
               Haisen Zhao and
               Yuan Wei and
               Qingnan Fan and
               Xuelin Chen and
               Yann Savoye and
               Changhe Tu and
               Daniel Cohen{-}Or and
               Baoquan Chen},
  title     = {Build-to-last: strength to weight 3D printed objects},
  journal   = {{ACM} Trans. Graph.},
  volume    = {33},
  number    = {4},
  pages     = {97:1--97:10},
  year      = {2014},
  url       = {http://doi.acm.org/10.1145/2601097.2601168},
  doi       = {10.1145/2601097.2601168},
  timestamp = {Wed, 29 Apr 2015 17:56:51 +0200},
  biburl    = {http://dblp.uni-trier.de/rec/bib/journals/tog/LuSZWFCSTCC14},
  bibsource = {dblp computer science bibliography, http://dblp.org}
}

@article{ZhouPZ13,
  author    = {Qingnan Zhou and
               Julian Panetta and
               Denis Zorin},
  title     = {Worst-case structural analysis},
  journal   = {{ACM} Trans. Graph.},
  volume    = {32},
  number    = {4},
  pages     = {137:1--137:12},
  year      = {2013},
  url       = {http://doi.acm.org/10.1145/2461912.2461967},
  doi       = {10.1145/2461912.2461967},
  timestamp = {Wed, 29 Apr 2015 17:56:48 +0200},
  biburl    = {http://dblp.uni-trier.de/rec/bib/journals/tog/ZhouPZ13},
  bibsource = {dblp computer science bibliography, http://dblp.org}
}

@article{HildebrandBA13,
  author    = {Kristian Hildebrand and
               Bernd Bickel and
               Marc Alexa},
  title     = {Orthogonal slicing for additive manufacturing},
  journal   = {Computers {\&} Graphics},
  volume    = {37},
  number    = {6},
  pages     = {669--675},
  year      = {2013},
  url       = {http://dx.doi.org/10.1016/j.cag.2013.05.011},
  doi       = {10.1016/j.cag.2013.05.011},
  timestamp = {Mon, 15 Jul 2013 09:06:41 +0200},
  biburl    = {http://dblp.uni-trier.de/rec/bib/journals/cg/HildebrandBA13},
  bibsource = {dblp computer science bibliography, http://dblp.org}
}

@article{hao2011efficient,
  title={An efficient curvature-based partitioning of large-scale STL models},
  author={Hao, Jingbin and Fang, Liang and Williams, Robert E},
  journal={Rapid Prototyping Journal},
  volume={17},
  number={2},
  pages={116--127},
  year={2011},
  publisher={Emerald Group Publishing Limited}
}

@article{SongFLF15,
  author    = {Peng Song and
               Zhongqi Fu and
               Ligang Liu and
               Chi{-}Wing Fu},
  title     = {Printing 3D objects with interlocking parts},
  journal   = {Computer Aided Geometric Design},
  volume    = {35-36},
  pages     = {137--148},
  year      = {2015},
  url       = {http://dx.doi.org/10.1016/j.cagd.2015.03.020},
  doi       = {10.1016/j.cagd.2015.03.020},
  timestamp = {Fri, 08 Jan 2016 13:49:44 +0100},
  biburl    = {http://dblp.uni-trier.de/rec/bib/journals/cagd/SongFLF15},
  bibsource = {dblp computer science bibliography, http://dblp.org}
}

@article{SongFC12,
  author    = {Peng Song and
               Chi{-}Wing Fu and
               Daniel Cohen{-}Or},
  title     = {Recursive interlocking puzzles},
  journal   = {{ACM} Trans. Graph.},
  volume    = {31},
  number    = {6},
  pages     = {128},
  year      = {2012},
  url       = {http://doi.acm.org/10.1145/2366145.2366147},
  doi       = {10.1145/2366145.2366147},
  timestamp = {Wed, 05 Dec 2012 19:40:20 +0100},
  biburl    = {http://dblp.uni-trier.de/rec/bib/journals/tog/SongFC12},
  bibsource = {dblp computer science bibliography, http://dblp.org}
}

@article{XinLFWHC11,
  author    = {Shi{-}Qing Xin and
               Chi{-}Fu Lai and
               Chi{-}Wing Fu and
               Tien{-}Tsin Wong and
               Ying He and
               Daniel Cohen{-}Or},
  title     = {Making burr puzzles from 3D models},
  journal   = {{ACM} Trans. Graph.},
  volume    = {30},
  number    = {4},
  pages     = {97},
  year      = {2011},
  url       = {http://doi.acm.org/10.1145/2010324.1964992},
  doi       = {10.1145/2010324.1964992},
  timestamp = {Sun, 22 Apr 2012 12:50:07 +0200},
  biburl    = {http://dblp.uni-trier.de/rec/bib/journals/tog/XinLFWHC11},
  bibsource = {dblp computer science bibliography, http://dblp.org}
}

@article{LoFL09,
  author    = {Kui{-}Yip Lo and
               Chi{-}Wing Fu and
               Hongwei Li},
  title     = {3D polyomino puzzle},
  journal   = {{ACM} Trans. Graph.},
  volume    = {28},
  number    = {5},
  pages     = {157:1--157:8},
  year      = {2009},
  url       = {http://doi.acm.org/10.1145/1618452.1618503},
  doi       = {10.1145/1618452.1618503},
  timestamp = {Thu, 30 Apr 2015 18:34:40 +0200},
  biburl    = {http://dblp.uni-trier.de/rec/bib/journals/tog/LoFL09},
  bibsource = {dblp computer science bibliography, http://dblp.org}
}

@article{ZhangXWYTW15,
  author    = {Xiaolong Zhang and
               Yang Xia and
               Jiaye Wang and
               Zhouwang Yang and
               Changhe Tu and
               Wenping Wang},
  title     = {Medial axis tree - an internal supporting structure for 3D printing},
  journal   = {Computer Aided Geometric Design},
  volume    = {35-36},
  pages     = {149--162},
  year      = {2015},
  url       = {http://dx.doi.org/10.1016/j.cagd.2015.03.012},
  doi       = {10.1016/j.cagd.2015.03.012},
  timestamp = {Fri, 08 Jan 2016 13:49:44 +0100},
  biburl    = {http://dblp.uni-trier.de/rec/bib/journals/cagd/ZhangXWYTW15},
  bibsource = {dblp computer science bibliography, http://dblp.org}
}

@article{LuoBRM12,
  author    = {Linjie Luo and
               Ilya Baran and
               Szymon Rusinkiewicz and
               Wojciech Matusik},
  title     = {Chopper: partitioning models into 3D-printable parts},
  journal   = {{ACM} Trans. Graph.},
  volume    = {31},
  number    = {6},
  pages     = {129},
  year      = {2012},
  url       = {http://doi.acm.org/10.1145/2366145.2366148},
  doi       = {10.1145/2366145.2366148},
  timestamp = {Wed, 05 Dec 2012 19:40:20 +0100},
  biburl    = {http://dblp.uni-trier.de/rec/bib/journals/tog/LuoBRM12},
  bibsource = {dblp computer science bibliography, http://dblp.org}
}
